@article{Chernozhukov2018,
  title={Double/debiased machine learning for treatment and structural parameters},
  author={Chernozhukov, Victor and Chetverikov, Denis and Demirer, Mert and Duflo, Esther and Hansen, Christian and Newey, Whitney},
  journal={The Econometrics Journal},
  volume={21},
  number={1},
  pages={C1--C68},
  year={2018},
  publisher={Wiley Online Library},
  url={https://arxiv.org/abs/1608.00060},
}

@article{Rubin1974,
  title={Estimating causal effects of treatments in randomized and nonrandomized studies},
  author={Rubin, Donald B},
  journal={Journal of Educational Psychology},
  volume={66},
  number={5},
  pages={688--701},
  year={1974},
  publisher={American Psychological Association},
  doi={10.1037/h0033735},
  url={https://psycnet.apa.org/doiLanding?doi=10.1037%2Fh0037350}
}

@book{ImbensRubin2015,
  title={Causal Inference for Statistics, Social, and Biomedical Sciences: An Introduction},
  author={Imbens, Guido W. and Rubin, Donald B.},
  year={2015},
  publisher={Cambridge University Press},
  address={Cambridge, UK},
  url={https://www.cambridge.org/core/books/causal-inference-for-statistics-social-and-biomedical-sciences/71126BE90C58F1A431FE9B2DD07938AB},
  isbn={9781107422210}
}

@article{RobinsRotnitzkyZhao1994,
  title={Estimation of Regression Coefficients When Some Regressors Are Not Always Observed},
  author={Robins, James M. and Rotnitzky, Andrea and Zhao, Lue Ping},
  journal={Journal of the American Statistical Association},
  volume={89},
  number={427},
  pages={846--866},
  year={1994},
  publisher={Taylor \& Francis, Ltd. on behalf of American Statistical Association},
  url={http://www.jstor.org/stable/2290910}
}

@article{BangRobins2005,
  title={Doubly Robust Estimation in Missing Data and Causal Inference Models},
  author={Bang, Heejung and Robins, James M.},
  journal={Biometrics},
  volume={61},
  number={4},
  pages={962--973},
  year={2005},
  publisher={Wiley for the International Biometric Society},
  doi={10.1111/j.1541-0420.2005.00377.x},
  url={https://doi.org/10.1111/j.1541-0420.2005.00377.x}
}

@article{GlynnQuinn2010,
  title={An Introduction to the Augmented Inverse Propensity Weighted Estimator},
  author={Glynn, Adam N. and Quinn, Kevin M.},
  journal={Political Analysis},
  volume={18},
  number={1},
  pages={36--56},
  year={2010},
  publisher={Oxford University Press},
  doi={10.1093/pan/mpp036},
  url={https://doi.org/10.1093/pan/mpp036}
}

@article{Newey1990,
  title={Semiparametric efficiency bounds},
  author={Newey, Whitney K.},
  journal={Journal of Applied Econometrics},
  volume={5},
  number={2},
  pages={99--135},
  year={1990},
  publisher={Wiley Online Library},
  doi={10.1002/jae.3950050202},
  url={https://doi.org/10.1002/jae.3950050202}
}

@article{BelloniChernozhukovHansen2014,
  title={High-dimensional methods and inference on structural and treatment effects},
  author={Belloni, Alexandre and Chernozhukov, Victor and Hansen, Christian},
  journal={Journal of Economic Perspectives},
  volume={28},
  number={2},
  pages={29--50},
  year={2014},
  publisher={American Economic Association},
  doi={10.1257/jep.28.2.29},
  url={https://doi.org/10.1257/jep.28.2.29}
}

@book{Pearl2009,
  title={Causality: Models, Reasoning, and Inference},
  author={Pearl, Judea},
  year={2009},
  publisher={Cambridge University Press},
  edition={2nd},
  address={Cambridge, UK},
  isbn={9780521895606}
}

@article{Pearl1995,
  title={Causal diagrams for empirical research},
  author={Pearl, Judea},
  journal={Biometrika},
  volume={82},
  number={4},
  pages={669--688},
  year={1995},
  publisher={Oxford University Press},
  doi={10.1093/biomet/82.4.669}
}

@incollection{Pearl2012,
  title={The front-door criterion for confounding control},
  author={Pearl, Judea},
  booktitle={Causal Inference},
  pages={245--257},
  year={2012},
  publisher={Cambridge University Press},
  address={Cambridge, UK},
  chapter={4},
  editor={Pearl, Judea and Glymour, Madelyn},
  url={https://ftp.cs.ucla.edu/pub/stat_ser/r366.pdf}
}

@article{ChernozhukovChetverikovDemireretal2018,
  title={Double Machine Learning for Treatment and Causal Parameters},
  author={Chernozhukov, Victor and Chetverikov, Denis and Demirer, Patrick and Duflo, Esther and Hansen, Christian and Newey, Whitney},
  journal={arXiv preprint arXiv:1608.00060},
  year={2018},
  url={https://arxiv.org/abs/1608.00060}
}